@inproceedings{amodei2016deep,
  title={Deep Speech 2: End-to-End Speech Recognition in English and Mandarin},
  author={Amodei, Dario and Anubhai, Rishita and Battenberg, Eric and Case, Carl and Casper, Jared and Catanzaro, Bryan and Chen, JingDong and Chrzanowski, Mike and Coates, Adam and Diamos, Greg and others},
  booktitle={Proceedings of The 33rd International Conference on Machine Learning},
  pages={173--182},
  year={2016}
}

@inproceedings{artis1991detection,
  title={Detection of atrial fibrillation using artificial neural networks},
  author={Artis, Shane G and Mark, RG and Moody, GB},
  booktitle={Computers in Cardiology 1991, Proceedings.},
  pages={173--176},
  year={1991},
  organization={IEEE}
}

@inproceedings{clifford2017,
  title={AF classification from a short single lead ECG recording: The Physionet Computing in Cardiology Challenge 2017},
  author={Clifford, GD AND Liu, CY AND Moody, B AND Lehman, L AND Silva, I AND Li, Q AND Johnson, AEW AND Mark, RG},
  journal={Computing in Cardiology Challenge},
  year={2017}
}

@article{coast1990approach,
  title={An approach to cardiac arrhythmia analysis using hidden Markov models},
  author={Coast, Douglas A and Stern, Richard M and Cano, Gerald G and Briller, Stanley A},
  journal={IEEE Transactions on biomedical Engineering},
  volume={37},
  number={9},
  pages={826--836},
  year={1990},
  publisher={IEEE}
}

@article{esteva2017dermatologist,
  title={Dermatologist-level classification of skin cancer with deep neural networks},
  author={Esteva, Andre and Kuprel, Brett and Novoa, Roberto A and Ko, Justin and Swetter, Susan M and Blau, Helen M and Thrun, Sebastian},
  journal={Nature},
  volume={542},
  number={7639},
  pages={115--118},
  year={2017},
  publisher={Nature Research}
}

@article{goldberger2000physiobank,
  title={Physiobank, physiotoolkit, and physionet components of a new research resource for complex physiologic signals},
  author={Goldberger, Ary L and Amaral, Luis AN and Glass, Leon and Hausdorff, Jeffrey M and Ivanov, Plamen Ch and Mark, Roger G and Mietus, Joseph E and Moody, George B and Peng, Chung-Kang and Stanley, H Eugene},
  journal={Circulation},
  volume={101},
  number={23},
  pages={e215--e220},
  year={2000},
  publisher={Am Heart Assoc}
}

@article{guglin2006common,
  title={Common errors in computer electrocardiogram interpretation},
  author={Guglin, Maya E and Thatai, Deepak},
  journal={International journal of cardiology},
  volume={106},
  number={2},
  pages={232--237},
  year={2006},
  publisher={Elsevier}
}

@article{gulshan2016development,
  title={Development and validation of a deep learning algorithm for detection of diabetic retinopathy in retinal fundus photographs},
  author={Gulshan, Varun and Peng, Lily and Coram, Marc and Stumpe, Martin C and Wu, Derek and Narayanaswamy, Arunachalam and Venugopalan, Subhashini and Widner, Kasumi and Madams, Tom and Cuadros, Jorge and others},
  journal={JAMA},
  volume={316},
  number={22},
  pages={2402--2410},
  year={2016},
  publisher={American Medical Association}
}

@article{hannun2014deepspeech,
  author    = {Awni Y. Hannun and Carl Case and Jared Casper and Bryan Catanzaro and Greg Diamos and Erich Elsen and Ryan Prenger and Sanjeev Satheesh and Shubho Sengupta and Adam Coates and Andrew Y. Ng},
  title     = {Deep Speech: Scaling up end-to-end speech recognition},
  volume    = {abs/1412.5567},
  year      = {2014},
  url       = {http://arxiv.org/abs/1412.5567}
}

@inproceedings{he2015delving,
  title={Delving deep into rectifiers: Surpassing human-level performance on imagenet classification},
  author={He, Kaiming and Zhang, Xiangyu and Ren, Shaoqing and Sun, Jian},
  booktitle={Proceedings of the IEEE international conference on computer vision},
  pages={1026--1034},
  year={2015}
}

@inproceedings{he2016deep,
  title={Deep residual learning for image recognition},
  author={He, Kaiming and Zhang, Xiangyu and Ren, Shaoqing and Sun, Jian},
  booktitle={Proceedings of the IEEE Conference on Computer Vision and Pattern Recognition},
  pages={770--778},
  year={2016}
}

@inproceedings{he2016identity,
  title={Identity mappings in deep residual networks},
  author={He, Kaiming and Zhang, Xiangyu and Ren, Shaoqing and Sun, Jian},
  booktitle={European Conference on Computer Vision},
  pages={630--645},
  year={2016},
  organization={Springer}
}

@article{heden1996detection,
  title={Detection of frequently overlooked electrocardiographic lead reversals using artificial neural networks},
  author={Hed{\'e}n, Bo and Ohlsson, Mattias and Holst, Holger and Mj{\"o}man, Mattias and Rittner, Ralf and Pahlm, Olle and Peterson, Carsten and Edenbrandt, Lars},
  journal={The American journal of cardiology},
  volume={78},
  number={5},
  pages={600--604},
  year={1996},
  publisher={Elsevier}
}

@article{ioffe2015batch,
  title={Batch normalization: Accelerating deep network training by reducing internal covariate shift},
  author={Ioffe, Sergey and Szegedy, Christian},
  journal={arXiv preprint arXiv:1502.03167},
  year={2015}
}

@inproceedings{laguna1997database,
  title={A database for evaluation of algorithms for measurement of QT and other waveform intervals in the ECG},
  author={Laguna, Pablo and Mark, Roger G and Goldberg, A and Moody, George B},
  booktitle={Computers in Cardiology 1997},
  pages={673--676},
  year={1997},
  organization={IEEE}
}

@article{li1995detection,
  title={Detection of {ECG} characteristic points using wavelet transforms},
  author={Li, Cuiwei and Zheng, Chongxun and Tai, Changfeng},
  journal={IEEE Transactions on biomedical Engineering},
  volume={42},
  number={1},
  pages={21--28},
  year={1995},
  publisher={IEEE}
}

@article{maas2013,
  title={Rectifier nonlinearities improve neural network acoustic models},
  author={Maas, A. L. and Hannun, A. Y. and Ng, A. Y.},
  journal={Proc. ICML},
  volume={30},
  year={2013}
}

@article{martinez2004wavelet,
  title={A wavelet-based {ECG} delineator: evaluation on standard databases},
  author={Mart{\'\i}nez, Juan Pablo and Almeida, Rute and Olmos, Salvador and Rocha, Ana Paula and Laguna, Pablo},
  journal={IEEE Transactions on biomedical engineering},
  volume={51},
  number={4},
  pages={570--581},
  year={2004},
  publisher={IEEE}
}

@inproceedings{melo2000arrhythmia,
  title={Arrhythmia analysis using artificial neural network and decimated electrocardiographic data},
  author={Melo, SL and Caloba, LP and Nadal, J},
  booktitle={Computers in Cardiology 2000},
  pages={73--76},
  year={2000},
  organization={IEEE}
}

@article{moody1983new,
  title={A new method for detecting atrial fibrillation using {RR} intervals},
  author={Moody, George B and Mark, Roger G},
  journal={Computers in Cardiology},
  volume={10},
  number={1},
  pages={227--230},
  year={1983}
}

@article{moody2001impact,
  title={The impact of the {MIT-BIH} arrhythmia database},
  author={Moody, George B and Mark, Roger G},
  journal={IEEE Engineering in Medicine and Biology Magazine},
  volume={20},
  number={3},
  pages={45--50},
  year={2001},
  publisher={IEEE}
}

@article{pan1985real,
  title={A real-time {QRS} detection algorithm},
  author={Pan, Jiapu and Tompkins, Willis J},
  journal={IEEE transactions on biomedical engineering},
  number={3},
  pages={230--236},
  year={1985},
  publisher={IEEE}
}

@inproceedings{sainath2013deep,
  title={Deep convolutional neural networks for LVCSR},
  author={Sainath, Tara N and Mohamed, Abdel-rahman and Kingsbury, Brian and Ramabhadran, Bhuvana},
  booktitle={Acoustics, speech and signal processing (ICASSP), 2013 IEEE international conference on},
  pages={8614--8618},
  year={2013},
  organization={IEEE}
}

@article{shah2007errors,
  title={Errors in the computerized electrocardiogram interpretation of cardiac rhythm},
  author={Shah, Atman P and Rubin, Stanley A},
  journal={Journal of electrocardiology},
  volume={40},
  number={5},
  pages={385--390},
  year={2007},
  publisher={Elsevier}
}

@article{turakhia2013diagnostic,
  title={Diagnostic utility of a novel leadless arrhythmia monitoring device},
  author={Turakhia, Mintu P and Hoang, Donald D and Zimetbaum, Peter and Miller, Jared D and Froelicher, Victor F and Kumar, Uday N and Xu, Xiangyan and Yang, Felix and Heidenreich, Paul A},
  journal={The American journal of cardiology},
  volume={112},
  number={4},
  pages={520--524},
  year={2013},
  publisher={Elsevier}
}

@article{xiong2016achieving,
  title={Achieving human parity in conversational speech recognition},
  author={Xiong, Wayne and Droppo, Jasha and Huang, Xuedong and Seide, Frank and Seltzer, Mike and Stolcke, Andreas and Yu, Dong and Zweig, Geoffrey},
  journal={arXiv preprint arXiv:1610.05256},
  year={2016}
}
